% Introduction
@article{seymour2005seven,
  title={The seven types of power problems},
  author={Seymour, Joseph and Horsley, Terry},
  journal={APC, USA},
  year={2005}
}
@inproceedings{amin2008challenges,
  title={Challenges in reliability, security, efficiency, and resilience of energy infrastructure: Toward smart self-healing electric power grid},
  author={Amin, Massoud},
  booktitle={2008 IEEE Power and energy society general meeting-conversion and delivery of electrical energy in the 21st century},
  pages={1--5},
  year={2008},
  organization={IEEE}
}
@techreport{ellis1997report,
  title={Report to the President's Commission on Critical Infrastructure Protection.},
  author={Ellis, James and Fisher, David and Longstaff, Thomas and Pesante, Linda and Pethia, Richard},
  year={1997},
  institution={Carnegie-Mellon Univ Pittsburgh PA Software Engineering Inst}
}
@article{guikema2009natural,
  title={Natural disaster risk analysis for critical infrastructure systems: An approach based on statistical learning theory},
  author={Guikema, Seth D},
  journal={Reliability Engineering \& System Safety},
  volume={94},
  number={4},
  pages={855--860},
  year={2009},
  publisher={Elsevier}
}


% Identification
@article{zou2005regularization,
  title={Regularization and variable selection via the elastic net},
  author={Zou, Hui and Hastie, Trevor},
  journal={Journal of the royal statistical society: series B (statistical methodology)},
  volume={67},
  number={2},
  pages={301--320},
  year={2005},
  publisher={Wiley Online Library}
}
@article{efron2004least,
  title={Least angle regression},
  author={Efron, Bradley and Hastie, Trevor and Johnstone, Iain and Tibshirani, Robert},
  journal={The Annals of statistics},
  volume={32},
  number={2},
  pages={407--499},
  year={2004},
  publisher={Institute of Mathematical Statistics}
}
@article{zou2007degrees,
  title={On the “degrees of freedom” of the lasso},
  author={Zou, Hui and Hastie, Trevor and Tibshirani, Robert},
  journal={The Annals of Statistics},
  volume={35},
  number={5},
  pages={2173--2192},
  year={2007},
  publisher={Institute of Mathematical Statistics}
}
@article{tibshirani1996regression,
  title={Regression shrinkage and selection via the lasso},
  author={Tibshirani, Robert},
  journal={Journal of the Royal Statistical Society: Series B (Methodological)},
  volume={58},
  number={1},
  pages={267--288},
  year={1996},
  publisher={Wiley Online Library}
}
@article{hastie2020best,
  title={Best subset, forward stepwise or lasso? Analysis and recommendations based on extensive comparisons},
  author={Hastie, Trevor and Tibshirani, Robert and Tibshirani, Ryan},
  journal={Statistical Science},
  volume={35},
  number={4},
  pages={579--592},
  year={2020},
  publisher={Institute of Mathematical Statistics}
}
@article{bertsimas2020sparse,
  title={Sparse regression: Scalable algorithms and empirical performance},
  author={Bertsimas, Dimitris and Pauphilet, Jean and Van Parys, Bart},
  journal={Statistical Science},
  volume={35},
  number={4},
  pages={555--578},
  year={2020},
  publisher={Institute of Mathematical Statistics}
}
@article{aminifar2014synchrophasor,
  title={Synchrophasor measurement technology in power systems: Panorama and state-of-the-art},
  author={Aminifar, Farrokh and Fotuhi-Firuzabad, Mahmud and Safdarian, Amir and Davoudi, Ali and Shahidehpour, Mohammad},
  journal={IEEE Access},
  volume={2},
  pages={1607--1628},
  year={2014},
  publisher={IEEE}
}
@article{patel2010real,
  title={Real-time application of synchrophasors for improving reliability},
  author={Patel, Mahendra and Aivaliotis, S and Ellen, E and others},
  journal={NERC Report, Oct},
  volume={1},
  year={2010}
}
@article{liu2004role,
  title={Role of distribution factors in congestion revenue rights applications},
  author={Liu, Minghai and Gross, George},
  journal={IEEE Transactions on Power Systems},
  volume={19},
  number={2},
  pages={802--810},
  year={2004},
  publisher={IEEE}
}
@book{wood2013power,
  title={Power generation, operation, and control},
  author={Wood, Allen J and Wollenberg, Bruce F and Shebl{\'e}, Gerald B},
  year={2013},
  publisher={John Wiley \& Sons}
}
@inproceedings{yang2020optimal,
  title={Optimal placement of limited PMUs for transmission line outage detection and identification},
  author={Yang, Xiaozhou and Chen, Nan and Zhai, Chao},
  booktitle={2020 International Conference on Probabilistic Methods Applied to Power Systems (PMAPS)},
  pages={1--6},
  year={2020},
  organization={IEEE}
}
@misc{yang2021dynamic,
    title={Dynamic power systems line outage detection using particle filter and partially observed states},
    author={Yang, Xiaozhou and Chen, Nan and Zhai, Chao},
    year={2021},
    eprint={2107.06754},
    archivePrefix={arXiv},
    primaryClass={eess.SY}
}
@article{Costilla-Enriquez2019,
author = {Costilla-Enr{\'{i}}quez, Napole{\'{o}}n and Fuerte-Esquivel, Claudio R. and Guti{\'{e}}rrez-Mart{\'{i}}nez, V{\'{i}}ctor J.},
journal = {IEEE Transactions on Power Systems},
number = {5},
pages = {3697--3705},
title = {{A sensitivity-based approach for the detection of multiple-line outages using phasor measurements}},
volume = {34},
year = {2019}
}
@article{Sanchez-Garcia2014,
author = {S{\'{a}}nchez-Garc{\'{i}}a, Rub{\'{e}}n J. and Fennelly, Max and Norris, Sean and Wright, Nick and Niblo, Graham and Brodzki, Jacek and Bialek, Janusz W.},
journal = {IEEE Transactions on Power Systems},
number = {5},
pages = {2229--2237},
title = {{Hierarchical spectral clustering of power grids}},
volume = {29},
year = {2014}
}
@article{Yu2018,
author = {Yu, Jiafan and Weng, Yang and Rajagopal, Ram},
journal = {IEEE Transactions on Power Systems},
number = {4},
pages = {4335--4347},
publisher = {IEEE},
title = {{PaToPa: A data-driven parameter and topology joint estimation framework in distribution grids}},
volume = {33},
year = {2018}
}
@article{Yu2019,
author = {Yu, Jiafan and Weng, Yang and Rajagopal, Ram},
journal = {IEEE Transactions on Power Systems},
number = {3},
pages = {1682--1692},
publisher = {IEEE},
title = {{PaToPaEM: A data-driven parameter and topology joint estimation framework for time-varying system in distribution grids}},
volume = {34},
year = {2019}
}
@inproceedings{babakmehr2015application,
  title={Application of compressive sensing for distributed and structured power line outage detection in smart grids},
  author={Babakmehr, Mohammad and Simoes, M Godoy and Al-Durra, Ahmed and Harirchi, Farnaz and Han, Qi},
  booktitle={2015 American Control Conference (ACC)},
  pages={3682--3689},
  year={2015},
  organization={IEEE}
}
@article{Babakmehr2016,
author = {Babakmehr, Mohammad and Sim{\~{o}}es, Marcelo G. and Wakin, Michael B. and Harirchi, Farnaz},
journal = {IEEE Transactions on Industrial Informatics},
number = {2},
pages = {532--543},
title = {{Compressive sensing-based topology identification for smart grids}},
volume = {12},
year = {2016}
}
@article{Wu2015,
author = {Wu, Jie and Xiong, Jinjun and Shi, Yiyu},
journal = {IEEE Transactions on Power Systems},
number = {4},
pages = {1659--1668},
publisher = {IEEE},
title = {{Efficient location identification of multiple line outages with limited pmus in smart grids}},
volume = {30},
year = {2015}
}
@article{Chen2014,
author = {Chen, Jung Chieh and Li, Wen Tai and Wen, Chao Kai and Teng, Jen Hao and Ting, Pangan},
journal = {IEEE Transactions on Power Systems},
number = {4},
pages = {1788--1800},
publisher = {IEEE},
title = {{Efficient identification method for power line outages in the smart power grid}},
volume = {29},
year = {2014}
}
@article{Zhu2012,
author = {Zhu, Hao and Giannakis, Georgios B.},
journal = {IEEE Transactions on Power Systems},
number = {4},
pages = {2215--2224},
title = {{Sparse overcomplete representations for efficient identification of power line outages}},
volume = {27},
year = {2012}
}
@article{Li2019a,
author = {Li, Wenting and Deka, Deepjyoti and Chertkov, Michael and Wang, Meng},
journal = {IEEE Transactions on Power Systems},
number = {6},
pages = {4640--4651},
publisher = {IEEE},
title = {{Real-time faulted line localization and pmu placement in power systems through convolutional neural networks}},
volume = {34},
year = {2019}
}
@article{Zhao2020,
author = {Zhao, Yue and Chen, Jianshu and Poor, H. Vincent},
journal = {IEEE Transactions on Smart Grid},
number = {1},
pages = {555--564},
publisher = {IEEE},
title = {{A learning-to-infer method for real-time power grid multi-line outage identification}},
volume = {11},
year = {2020}
}

% Detection via DAE
@article{knoth2017arl,
  title={ARL numerics for MEWMA charts},
  author={Knoth, Sven},
  journal={Journal of Quality Technology},
  volume={49},
  number={1},
  pages={78--89},
  year={2017},
  publisher={Taylor \& Francis}
}
@article{rigdon1995integral,
  title={An integral equation for the in-control average run length of a multivariate exponentially weighted moving average control chart},
  author={Rigdon, Steven E},
  journal={Journal of Statistical computation and simulation},
  volume={52},
  number={4},
  pages={351--365},
  year={1995},
  publisher={Taylor \& Francis}
}
@article{lowry1992multivariate,
  title={A multivariate exponentially weighted moving average control chart},
  author={Lowry, Cynthia A and Woodall, William H and Champ, Charles W and Rigdon, Steven E},
  journal={Technometrics},
  volume={34},
  number={1},
  pages={46--53},
  year={1992},
  publisher={Taylor \& Francis Group}
}
@book{sauer2017power,
  title={Power system dynamics and stability: with synchrophasor measurement and power system toolbox},
  author={Sauer, Peter W and Pai, Mangalore A and Chow, Joe H},
  year={2017},
  publisher={John Wiley \& Sons}
}
@article{mehra1971innovations,
  title={An innovations approach to fault detection and diagnosis in dynamic systems},
  author={Mehra, Raman K and Peschon, J},
  journal={Automatica},
  volume={7},
  number={5},
  pages={637--640},
  year={1971},
  publisher={Elsevier}
}
@article{chen2009detectability,
  title={Detectability study for statistical monitoring of multivariate dynamic processes},
  author={Chen, Nan and Zhou, Shiyu},
  journal={IIE Transactions},
  volume={41},
  number={7},
  pages={593--604},
  year={2009},
  publisher={Taylor \& Francis}
}
@article{andrieu2004particle,
  title={Particle methods for change detection, system identification, and control},
  author={Andrieu, Christophe and Doucet, Arnaud and Singh, Sumeetpal S and Tadic, Vladislav B},
  journal={Proceedings of the IEEE},
  volume={92},
  number={3},
  pages={423--438},
  year={2004},
  publisher={IEEE}
}
@article{li2001particle,
  title={Particle filtering based likelihood ratio approach to fault diagnosis in nonlinear stochastic systems},
  author={Li, Ping and Kadirkamanathan, Visakan},
  journal={IEEE Transactions on Systems, Man, and Cybernetics, Part C (Applications and Reviews)},
  volume={31},
  number={3},
  pages={337--343},
  year={2001},
  publisher={IEEE}
}
@article{odiowei2009nonlinear,
  title={Nonlinear dynamic process monitoring using canonical variate analysis and kernel density estimations},
  author={Odiowei, Pabara-Ebiere Patricia and Cao, Yi},
  journal={IEEE Transactions on Industrial Informatics},
  volume={6},
  number={1},
  pages={36--45},
  year={2009},
  publisher={IEEE}
}
@article{lee2004statistical,
  title={Statistical monitoring of dynamic processes based on dynamic independent component analysis},
  author={Lee, Jong-Min and Yoo, ChangKyoo and Lee, In-Beum},
  journal={Chemical engineering science},
  volume={59},
  number={14},
  pages={2995--3006},
  year={2004},
  publisher={Elsevier}
}
@article{choi2004nonlinear,
  title={Nonlinear dynamic process monitoring based on dynamic kernel PCA},
  author={Choi, Sang Wook and Lee, In-Beum},
  journal={Chemical engineering science},
  volume={59},
  number={24},
  pages={5897--5908},
  year={2004},
  publisher={Elsevier}
}
@article{li2000recursive,
  title={Recursive PCA for adaptive process monitoring},
  author={Li, Weihua and Yue, H Henry and Valle-Cervantes, Sergio and Qin, S Joe},
  journal={Journal of process control},
  volume={10},
  number={5},
  pages={471--486},
  year={2000},
  publisher={Elsevier}
}
@inproceedings{mei2011quickest,
  title={Quickest detection in censoring sensor networks},
  author={Mei, Yajun},
  booktitle={2011 IEEE International Symposium on Information Theory Proceedings},
  pages={2148--2152},
  year={2011},
  organization={IEEE}
}
@article{yildirim2013online,
  title={An online expectation--maximization algorithm for changepoint models},
  author={Yildirim, Sinan and Singh, Sumeetpal S and Doucet, Arnaud},
  journal={Journal of Computational and Graphical Statistics},
  volume={22},
  number={4},
  pages={906--926},
  year={2013},
  publisher={Taylor \& Francis}
}
@article{del2010forward,
  title={Forward smoothing using sequential Monte Carlo},
  author={Del Moral, Pierre and Doucet, Arnaud and Singh, Sumeetpal},
  journal={arXiv preprint arXiv:1012.5390},
  year={2010}
}
@article{cappe2011online,
  title={Online EM algorithm for hidden Markov models},
  author={Capp{\'e}, Olivier},
  journal={Journal of Computational and Graphical Statistics},
  volume={20},
  number={3},
  pages={728--749},
  year={2011},
  publisher={Taylor \& Francis}
}
@article{elliott2002line,
  title={On-line almost-sure parameter estimation for partially observed discrete-time linear systems with known noise characteristics},
  author={Elliott, Robert J and Ford, Jason J and Moore, John B},
  journal={International Journal of Adaptive Control and Signal Processing},
  volume={16},
  number={6},
  pages={435--453},
  year={2002},
  publisher={Wiley Online Library}
}
@article{dempster1977maximum,
  title={Maximum likelihood from incomplete data via the EM algorithm},
  author={Dempster, Arthur P and Laird, Nan M and Rubin, Donald B},
  journal={Journal of the Royal Statistical Society: Series B (Methodological)},
  volume={39},
  number={1},
  pages={1--22},
  year={1977},
  publisher={Wiley Online Library}
}
@article{kitagawa1996monte,
  title={Monte Carlo filter and smoother for non-Gaussian nonlinear state space models},
  author={Kitagawa, Genshiro},
  journal={Journal of computational and graphical statistics},
  volume={5},
  number={1},
  pages={1--25},
  year={1996},
  publisher={Taylor \& Francis Group}
}
@book{liu2008monte,
  title={Monte Carlo strategies in scientific computing},
  author={Liu, Jun S},
  year={2008},
  publisher={Springer Science \& Business Media}
}
@article{doucet2009tutorial,
  title={A tutorial on particle filtering and smoothing: Fifteen years later},
  author={Doucet, Arnaud and Johansen, Adam M},
  journal={Handbook of nonlinear filtering},
  volume={12},
  number={656-704},
  pages={3},
  year={2009}
}
@article{cappe2007overview,
  title={An overview of existing methods and recent advances in sequential Monte Carlo},
  author={Capp{\'e}, Olivier and Godsill, Simon J and Moulines, Eric},
  journal={Proceedings of the IEEE},
  volume={95},
  number={5},
  pages={899--924},
  year={2007},
  publisher={IEEE}
}
@book{anderson2012optimal,
  title={Optimal filtering},
  author={Anderson, Brian DO and Moore, John B},
  year={2012},
  publisher={Courier Corporation}
}
@article{Gordon1993,
author = {Gordon, N. J. and Salmond, D. J. and Smith, A. F.M.},
journal = {IEE Proceedings, Part F: Radar and Signal Processing},
number = {2},
pages = {107--113},
title = {{Novel approach to nonlinear/non-gaussian Bayesian state estimation}},
volume = {140},
year = {1993}
}
@article{Kadirkamanathan2002,
author = {Kadirkamanathan, V. and Li, P. and Jaward, M. H. and Fabri, S. G.},
journal = {International Journal of Systems Science},
number = {4},
pages = {259--265},
title = {{Particle filtering-based fault detection in non-linear stochastic systems}},
volume = {33},
year = {2002}
}
@article{Emami2015,
author = {Emami, Kianoush and Fernando, Tyrone and Iu, Herbert Ho Ching and Trinh, Hieu and Wong, Kit Po},
journal = {IEEE Transactions on Power Systems},
number = {5},
pages = {2665--2675},
publisher = {IEEE},
title = {{Particle filter approach to dynamic state estimation of generators in power systems}},
volume = {30},
year = {2015}
}
@article{Cui2015,
author = {Cui, Yinan and Kavasseri, Rajesh},
journal = {IEEE Transactions on Power Systems},
number = {6},
pages = {3377--3385},
publisher = {IEEE},
title = {{A particle filter for dynamic state estimation in multi-machine systems with detailed models}},
volume = {30},
year = {2015}
}
@article{Wang2012,
author = {Wang, Shaobu and Gao, Wenzhong and Meliopoulos, A. P.Sakis},
journal = {IEEE Transactions on Power Systems},
number = {2},
pages = {942--950},
publisher = {IEEE},
title = {{An alternative method for power system dynamic state estimation based on unscented transform}},
volume = {27},
year = {2012}
}
@article{Valverde2011,
author = {Valverde, G. and Terzija, V.},
journal = {IET Generation, Transmission and Distribution},
number = {1},
pages = {29--37},
title = {{Unscented Kalman filter for power system dynamic state estimation}},
volume = {5},
year = {2011}
}
@article{Ghahremani2011,
author = {Ghahremani, Esmaeil and Kamwa, Innocent},
journal = {IEEE Transactions on Power Systems},
number = {4},
pages = {2556--2566},
title = {{Dynamic state estimation in power system by applying the extended kalman filter with unknown inputs to phasor measurements}},
volume = {26},
year = {2011}
}
@book{Kundur1994,
author = {Kundur, Prabha and Balu, Neal J and Lauby, Mark G},
publisher = {McGraw-Hill New York},
title = {{Power system stability and control}},
year = {1994}
}
@article{Zhao2017,
author = {Zhao, Junbo and Netto, Marcos and Mili, Lamine},
journal = {IEEE Transactions on Power Systems},
number = {4},
pages = {3205--3216},
publisher = {IEEE},
title = {{A robust iterated extended kalman filter for power system dynamic state estimation}},
volume = {32},
year = {2017}
}
@article{Li2018,
author = {Li, Wenting and Wang, Meng and Chow, Joe H.},
journal = {IEEE Transactions on Power Systems},
number = {5},
pages = {4937--4947},
publisher = {IEEE},
title = {{Real-time event identification through low-dimensional subspace characterization of high-dimensional synchrophasor data}},
volume = {33},
year = {2018}
}
@article{Huang2016b,
author = {Huang, Qingqing and Shao, Leilai and Li, Na},
journal = {IEEE Transactions on Power Systems},
number = {3},
pages = {2026--2033},
title = {{Dynamic detection of transmission line outages using Hidden Markov Models}},
volume = {31},
year = {2016}
}
@article{yang2020control,
  author={X. {Yang} and N. {Chen} and C. {Zhai}},
  journal={IEEE Transactions on Power Systems}, 
  title={A control chart approach to power system line outage detection under transient dynamics},
  year={2021},
  volume={36},
  number={1},
  pages={127-135}
}
@article{Pan2015a,
author = {Pan, Wei and Yuan, Ye and Sandberg, Henrik and Gon{\c{c}}alves, Jorge and Stan, Guy Bart},
journal = {Automatica},
pages = {27--36},
publisher = {Elsevier Ltd},
title = {{Online fault diagnosis for nonlinear power systems}},
volume = {55},
year = {2015}
}
@article{Yang2016b,
author = {Yang, Chao and Guan, Zhi Hong and Liu, Zhi Wei and Chen, Jie and Chi, Ming and Zheng, Gui Lin},
journal = {International Journal of Electrical Power and Energy Systems},
pages = {132--141},
publisher = {Elsevier Ltd},
title = {{Wide-area multiple line-outages detection in power complex networks}},
volume = {79},
year = {2016}
}

% Detection via AC
@article{Chakrabortty2009,
author = {Chakrabortty, Aranya and Chow, Joe H. and Salazar, Armando},
journal = {IEEE Transactions on Power Systems},
number = {3},
pages = {1318--1326},
title = {{Interarea model estimation for radial power system transfer paths with intermediate voltage control using synchronized phasor measurements}},
volume = {24},
year = {2009}
}
@article{Chavan2017,
author = {Chavan, Govind and Weiss, Matthew and Chakrabortty, Aranya and Bhattacharya, Subhashish and Salazar, Armando and Ashrafi, Farrokh Habibi},
journal = {IEEE Transactions on Smart Grid},
number = {4},
pages = {1977--1986},
publisher = {IEEE},
title = {{Identification and predictive analysis of a multi-area wecc power system model using synchrophasors}},
volume = {8},
year = {2017}
}
@inproceedings{Mohamed2018,
  title={Fast Line Outage Detection Using PMU Measurements in Partially Observed Networks},
  author={Mohamed, Elamin and Elballa, Wafa and Karrar, Abdelrahman and Kobet, Gary and Eltom, Ahmed},
  booktitle={2018 IEEE Power \& Energy Society General Meeting},
  pages={1--5},
  year={2018},
  organization={IEEE}
}
@article{Kim2018,
author = {Kim, Taedong and Wright, Stephen J.},
journal = {IEEE Transactions on Smart Grid},
number = {1},
pages = {122--131},
publisher = {IEEE},
title = {{PMU placement for line outage identification via multinomial logistic regression}},
volume = {9},
year = {2018}
}
@article{Abdi-Khorsand2017,
author = {Abdi-Khorsand, Mojdeh and Vittal, Vijay},
journal = {IEEE Transactions on Power Systems},
number = {4},
pages = {2790--2798},
publisher = {IEEE},
title = {{Modeling protection systems in time-domain simulations: a new method to detect mis-operating relays for unstable power swings}},
volume = {32},
year = {2017}
}
}@book{montgomery2007introduction,
  title={Introduction to Statistical Quality Control},
  author={Montgomery, Douglas C},
  year={2007},
  publisher={John Wiley \& Sons}
}
@article{Lai1998,
author = {Lai, Tze Leung},
journal = {IEEE Transactions on Information Theory},
number = {7},
pages = {2917--2929},
title = {{Information bounds and quick detection of parameter changes in stochastic systems}},
volume = {44},
year = {1998}
}
@book{cox2017theory,
  title={The Theory of Stochastic Processes},
  author={Cox, David Roxbee},
  year={2017},
  publisher={Routledge}
}
@article{anderson1983stability,
  title={Stability simulation of wind turbine systems},
  author={Anderson, PM and Bose, Anjan},
  journal={IEEE Transactions on Power Apparatus and Systems},
  number={12},
  pages={3791--3795},
  year={1983},
  publisher={IEEE}
}
@book{murty2017power,
  title={Power Systems Analysis},
  author={Murty, PSR},
  year={2017},
  publisher={Butterworth-Heinemann}
}
@inproceedings{pignati2015real,
  title={Real-time state estimation of the EPFL-campus medium-voltage grid by using PMUs},
  author={Pignati, Marco and Popovic, Miroslav and Barreto, Sergio and Cherkaoui, Rachid and Flores, German Dario and Le Boudec, Jean-Yves and Mohiuddin, Maaz and Paolone, Mario and Romano, Paolo and Sarri, Styliani and others},
  booktitle={2015 IEEE Power \& Energy Society Innovative Smart Grid Technologies Conference},
  pages={1--5},
  year={2015},
  organization={IEEE}
}
@techreport{Johnson2000,
author = {FERC and NAERC},
issn = {1432-1238},
pmid = {20213416},
title = {{Arizona-Southern California outages on September 8, 2011: Causes and recommendations}},
year = {2012}
}
@inproceedings{kezunovic2013role,
  title={The role of big data in improving power system operation and protection},
  author={Kezunovic, Mladen and Xie, Le and Grijalva, Santiago},
  booktitle={2013 IREP Symposium Bulk Power System Dynamics and Control-IX Optimization, Security and Control of the Emerging Power Grid},
  pages={1--9},
  year={2013},
  organization={IEEE}
}
@article{kaye1984analysis,
  title={Analysis of linearized decoupled power flow approximations for steady-state security assessment},
  author={Kaye, R and Wu, F},
  journal={IEEE Transactions on Circuits and Systems},
  volume={31},
  number={7},
  pages={623--636},
  year={1984},
  publisher={IEEE}
}
@article{athay1979practical,
  title={A practical method for the direct analysis of transient stability},
  author={Athay, T and Podmore, R and Virmani, S},
  journal={IEEE Transactions on Power Apparatus and Systems},
  number={2},
  pages={573--584},
  year={1979},
  publisher={IEEE}
}
@article{Lai1995,
author = {Lai, Tze Leung},
journal = {Journal of the Royal Statistical Society. Series B (Methodological)},
number = {4},
pages = {613--658},
title = {{Sequential changepoint detection in quality control and dynamical systems}},
volume = {57},
year = {1995}
}
@article{lorden1971procedures,
  title={Procedures for reacting to a change in distribution},
  author={Lorden, Gary and others},
  journal={The Annals of Mathematical Statistics},
  volume={42},
  number={6},
  pages={1897--1908},
  year={1971},
  publisher={Institute of Mathematical Statistics}
}
@article{veeravalli2001decentralized,
  title={Decentralized quickest change detection},
  author={Veeravalli, Venugopal V},
  journal={IEEE Transactions on Information theory},
  volume={47},
  number={4},
  pages={1657--1665},
  year={2001},
  publisher={IEEE}
}
@book{Milano2010power,
    title={Power System Modelling and Scripting},
    author={Milano, Federico},
    year={2010},
    publisher={Springer Science \& Business Media}
}
@article{Panteli2015,
    author = {Panteli, Mathaios and Mancarella, Pierluigi},
    journal = {IEEE Power and Energy Magazine},
    month = {may},
    number = {3},
    pages = {58--66},
    title = {{The grid: Stronger, bigger, smarter?: Presenting a conceptual framework of power system resilience}},
    volume = {13},
    year = {2015}
}
@article{Cai2011,
author = {Cai, T.T. T and Jeng, X.J. J and Jin, J.},
journal = {J. R. Statist. Soc. B},
number = {5},
pages = {1369--74},
title = {{Optimal detection of heterogeneous and heteroscedastic mixtures}},
volume = {73},
year = {2011}
}
@article{Song2016,
author = {Song, Jiajia and Cotilla-Sanchez, Eduardo and Ghanavati, Goodarz and Hines, Paul D H},
journal = {IEEE Transactions on Power Systems},
number = {3},
pages = {2085--2095},
title = {{Dynamic modeling of cascading failure in power systems}},
volume = {31},
year = {2016}
}
@article{Garcia2016,
author = {Garcia, Manuel and Catanach, Thomas and {Vander Wiel}, Scott and Bent, Russell and Lawrence, Earl},
journal = {IEEE Transactions on Power Systems},
number = {4},
pages = {3019--3027},
title = {{Line outage localization using phasor measurement data in transient state}},
volume = {31},
year = {2016}
}
@inproceedings{ardakanian2017event,
  title={Event detection and localization in distribution grids with phasor measurement units},
  author={Ardakanian, Omid and Yuan, Ye and Dobbe, Roel and von Meier, Alexandra and Low, Steven and Tomlin, Claire},
  booktitle={2017 IEEE Power \& Energy Society General Meeting},
  pages={1--5},
  year={2017},
  organization={IEEE}
}
@book{Glover2012,
author = {Glover, J Duncan and Sarma, Mulukutla S and Overbye, Thomas},
publisher = {Cengage Learning},
title = {{Power System Analysis {\&} Design, SI Version}},
year = {2012}
}
@article{Zhou2016,
author = {Zhou, Yuxun and Arghandeh, Reza and Konstantakopoulos, Ioannis and Abdullah, Shayaan and {Von Meier}, Alexandra and Spanos, Costas J.},
journal = {19th Power Systems Computation Conference},
title = {{Abnormal event detection with high resolution micro-PMU data}},
year = {2016}
}
@article{Patel2010,
author = {Patel, M. and Aivaliotis, S. and Ellen, E.},
journal = {NERC Report, Oct},
title = {{Real-time application of synchrophasors for improving reliability}},
volume = {1},
year = {2010}
}
@article{Aminifar2014,
author = {Aminifar, Farrokh and Fotuhi-Firuzabad, Mahmud and Safdarian, Amir and Davoudi, Ali and Shahidehpour, Mohammad},
journal = {IEEE Access},
pages = {1607--1628},
title = {{Synchrophasor measurement technology in power systems: panorama and state-of-the-art}},
volume = {2},
year = {2014}
}
@inproceedings{banerjee2014power,
    title={Power system line outage detection and identification—A quickest change detection approach},
    author={Banerjee, Taposh and Chen, Yu Christine and Dominguez-Garcia, Alejandro D and Veeravalli, Venugopal V},
    booktitle={2014 IEEE International Conference on Acoustics, Speech and Signal Processing (ICASSP)},
    pages={3450--3454},
    year={2014},
    organization={IEEE}
}
@article{Chen2016,
author = {Chen, Yu Christine and Banerjee, Taposh and Dominguez-Garcia, Alejandro D. and Veeravalli, Venugopal V.},
journal = {IEEE Transactions on Power Systems},
number = {1},
pages = {749--758},
title = {{Quickest line outage detection and identification}},
volume = {31},
year = {2016}
}
@article{Ardakanian2019a,
  title={On identification of distribution grids},
  author={Ardakanian, Omid and Wong, Vincent WS and Dobbe, Roel and Low, Steven H and von Meier, Alexandra and Tomlin, Claire J and Yuan, Ye},
  journal={IEEE Transactions on Control of Network Systems},
  volume={6},
  number={3},
  pages={950--960},
  year={2019},
  publisher={IEEE}
}
@article{Hosur2019,
author = {Hosur, Sanjay and Duan, Dongliang},
journal = {IEEE Transactions on Power Systems},
number = {2},
pages = {1068--1076},
publisher = {IEEE},
title = {{Subspace-driven output-only based change-point detection in power systems}},
volume = {34},
year = {2019}
}
@inproceedings{Brown2016,
author = {Brown, Michael and Biswal, Milan and Brahma, Sukumar and Ranade, Satish J. and Cao, Huiping},
booktitle = {IEEE Power and Energy Society General Meeting},
issn = {19449933},
pages = {1-5},
title = {{Characterizing and quantifying noise in PMU data}},
year = {2016}
}
@article{Xie2014,
author = {Xie, Le and Chen, Yang and Kumar, P. R.},
journal = {IEEE Transactions on Power Systems},
number = {6},
pages = {2784--2794},
title = {{Dimensionality reduction of synchrophasor data for early event detection: Linearized analysis}},
volume = {29},
year = {2014}
}
@article{Jamei2017a,
author = {Jamei, Mahdi and Scaglione, Anna and Roberts, Ciaran and Stewart, Emma and Peisert, Sean and McParland, Chuck and McEachern, Alex},
journal = {IEEE Transactions on Power Systems},
number = {4},
pages = {3611--3623},
title = {{Anomaly detection using optimally placed $\mu$PMU sensors in distribution grids}},
volume = {33},
year = {2017}
}
@inproceedings{Jamei2016,
  title={Automated Anomaly Detection in Distribution Grids Using uPMU Measurements},
  author={Jamei, Mahdi and Scaglione, Anna and Roberts, Ciaran and Stewart, Emma and Peisert, Sean and McParland, Chuck and McEachern, Alex},
  booktitle={Proceedings of the 50th Hawaii International Conference on System Sciences},
  pages = {3184--3193},
  year={2017}
}
@article{Mei2010,
author = {Mei, Y},
journal = {Biometrika},
number = {2},
pages = {419--433},
title = {{Efficient scalable schemes for monitoring a large number of data streams}},
volume = {97},
year = {2010}
}
@article{Rovatsos2017,
author = {Rovatsos, Georgios and Jiang, Xichen and Dominguez-Garcia, Alejandro D. and Veeravalli, Venugopal V.},
journal = {IEEE Transactions on Signal Processing},
number = {11},
pages = {2787--2797},
title = {{Statistical power system line outage detection under transient dynamics}},
volume = {65},
year = {2017}
}
@article{Jamei2016a,
author = {Jamei, Mahdi and Stewart, Emma and Peisert, Sean and Scaglione, Anna and McParland, Chuck and Roberts, Ciaran and McEachern, Alex},
journal = {IEEE Internet Computing},
number = {5},
pages = {18--27},
title = {{Micro synchrophasor-based intrusion detection in automated distribution systems: Toward critical infrastructure security}},
volume = {20},
year = {2016}
}
@article{Emami2013,
author = {Emami, Roozbeh and Abur, Ali},
journal = {IEEE Transactions on Power Systems},
number = {2},
pages = {1035--1040},
title = {{External system line outage identification using phasor measurement units}},
volume = {28},
year = {2013}
}
@article{Tate2008,
author = {Tate, Joseph Euzebe and Overbye, Thomas J.},
journal = {IEEE Transactions on Power Systems},
number = {4},
pages = {1644--1652},
title = {{Line outage detection using phasor angle measurements}},
volume = {23},
year = {2008}
}
@inproceedings{tate2009double,
  title={Double line outage detection using phasor angle measurements},
  author={Tate, Joseph Euzebe and Overbye, Thomas J},
  booktitle={2009 IEEE Power \& Energy Society General Meeting},
  pages={1--5},
  year={2009},
  organization={IEEE}
}
@inproceedings{dai2020line,
  title={Line outage identification based on ac power flow and synchronized measurements},
  author={Dai, Zhen and Tate, Joseph Euzebe},
  booktitle={2020 IEEE Power \& Energy Society General Meeting (PESGM)},
  pages={1--5},
  year={2020},
  organization={IEEE}
}
@article{Rafferty2016,
author = {Rafferty, Mark and Liu, Xueqin and Laverty, David M. and McLoone, Sean},
journal = {IEEE Transactions on Smart Grid},
number = {5},
pages = {2537--2548},
title = {{Real-time multiple event detection and classification using moving window PCA}},
volume = {7},
year = {2016}
}
@article{bastani2016compressive,
  title={Compressive sensing--based optimal sensor placement and fault diagnosis for multi-station assembly processes},
  author={Bastani, Kaveh and Kong, Zhenyu and Huang, Wenzhen and Zhou, Yingqing},
  journal={IIE Transactions},
  volume={48},
  number={5},
  pages={462--474},
  year={2016},
  publisher={Taylor \& Francis}
}